@misc{ia32e,
  title={x86 Paging Tutorial},
  author={Santilli, Ciro},
  year={2013},
  url={http://www.cirosantilli.com/x86-paging/}
}
